@inproceedings{fournet1996reflexive,
 author = {Fournet, C\'{e}dric and Gonthier, Georges},
 title = {The reflexive CHAM and the join-calculus},
 booktitle = {POPL '96: Proceedings of the 23rd ACM SIGPLAN-SIGACT symposium on Principles of programming languages},
 year = {1996},
 isbn = {0-89791-769-3},
 pages = {372--385},
 location = {St. Petersburg Beach, Florida, United States},
 doi = {http://doi.acm.org/10.1145/237721.237805},
 publisher = {ACM},
 address = {New York, NY, USA},
}

@article{fournet1996calculus,
  title={{A calculus of mobile agents}},
  author={Fournet, C. and Gonthier, G. and L{\'e}vy, J.J. and Maranget, L. and R{\'e}my, D.},
  journal={Lecture Notes in Computer Science},
  volume={1119},
  pages={406--421},
  year={1996},
  publisher={Springer}
}

@conference{berry1989chemical,
  title={{The chemical abstract machine}},
  author={Berry, G. and Boudol, G.},
  booktitle={Annual Symposium on Principles of Programming Languages: Proceedings of the 17 th ACM SIGPLAN-SIGACT symposium on Principles of programming languages},
  year={1989},
  organization={Association for Computing Machinery, Inc, One Astor Plaza, 1515 Broadway, New York, NY, 10036-5701, USA,}
}

@article{boudol1992asynchrony,
  title={{Asynchrony and the pi-calculus}},
  author={Boudol, G.},
  year={1992}
}

@conference{bonnet2001towards,
  title={{Towards sensor database systems}},
  author={Bonnet, P. and Gehrke, J. and Seshadri, P.},
  booktitle={Mobile Data Management},
  pages={3--14},
  year={2001},
  organization={Springer}
}

@misc{COUGAR,
  author={{Cornell Database Group}},
  year={{2009}},
  title={{COUGAR: The Network Is The Database}},
  howpublished="\url{http://www.cs.cornell.edu/bigreddata/cougar/index.php}"
}

@article{јunzli-timed,
  title={{A Timed Join Calculus}},
  author={Јunzli, D.C.B. and Laneve, C.}
}
