@article{fladuino,
   author={Henriksen, Troels and Dybdal, Martin and Reenberg, Jesper},
   title={Fladuino: Controlling embedded devices with functional reactive programming},
   year={2009},
   month={july}
}
